%% This BibTeX bibliography file was created using BibDesk.
%% http://bibdesk.sourceforge.net/


%% Created for Rico Haeuselmann at 2014-08-21 09:27:41 +0200 


%% Saved with string encoding Unicode (UTF-8) 



@techreport{bib:nsphere-sampling,
	Address = {ETH Zentrum, CH8092, Z{\"u}rich},
	Author = {W. P. Petersen and A. Bernasconi},
	Date-Added = {2014-08-20 13:09:32 +0000},
	Date-Modified = {2014-08-20 13:15:34 +0000},
	Institution = {Swiss Center for Scientific Computing, ETHZ and Centro Svizzero Calculo Scientifico, Manno, Switzerland},
	Keywords = {sampling, n-sphere, uniform, scsc},
	Month = {July},
	Number = {97-06},
	Title = {Uniform sampling from an n-sphere},
	Year = {1997},
	Bdsk-File-1 = {YnBsaXN0MDDUAQIDBAUGJCVYJHZlcnNpb25YJG9iamVjdHNZJGFyY2hpdmVyVCR0b3ASAAGGoKgHCBMUFRYaIVUkbnVsbNMJCgsMDxJXTlMua2V5c1pOUy5vYmplY3RzViRjbGFzc6INDoACgAOiEBGABIAFgAdccmVsYXRpdmVQYXRoWWFsaWFzRGF0YV8QE2JpYl9saWIvdHI5Ny4wNi5wZGbSFwsYGVdOUy5kYXRhTxEBsAAAAAABsAACAAAMTWFjaW50b3NoIEhEAAAAAAAAAAAAAAAAAAAAy1BEpUgrAAABiR24C3RyOTcuMDYucGRmAAAAAAAAAAAAAAAAAAAAAAAAAAAAAAAAAAAAAAAAAAAAAAAAAAAAAAAAAAAAAAAAAAAAAAGJIJTQGmomAAAAAAAAAAAAAQADAAAJIAAAAAAAAAAAAAAAAAAAAAdiaWJfbGliAAAQAAgAAMtQNpUAAAARAAgAANAaTgYAAAABABwBiR24AYkdlgCT1mgACGX2AAaC9wAEU+QAAL99AAIATE1hY2ludG9zaCBIRDpVc2VyczoAcmljb2g6AEVUSDoAUlc6AEhlaXNlbmJlcmc6AHJlcG9ydDoAYmliX2xpYjoAdHI5Ny4wNi5wZGYADgAYAAsAdAByADkANwAuADAANgAuAHAAZABmAA8AGgAMAE0AYQBjAGkAbgB0AG8AcwBoACAASABEABIAOFVzZXJzL3JpY29oL0VUSC9SVy9IZWlzZW5iZXJnL3JlcG9ydC9iaWJfbGliL3RyOTcuMDYucGRmABMAAS8AABUAAgAM//8AAIAG0hscHR5aJGNsYXNzbmFtZVgkY2xhc3Nlc11OU011dGFibGVEYXRhox0fIFZOU0RhdGFYTlNPYmplY3TSGxwiI1xOU0RpY3Rpb25hcnmiIiBfEA9OU0tleWVkQXJjaGl2ZXLRJidUcm9vdIABAAgAEQAaACMALQAyADcAQABGAE0AVQBgAGcAagBsAG4AcQBzAHUAdwCEAI4ApACpALECZQJnAmwCdwKAAo4CkgKZAqICpwK0ArcCyQLMAtEAAAAAAAACAQAAAAAAAAAoAAAAAAAAAAAAAAAAAAAC0w==}}
